@misc{algorytmion,
    author    = "dr inż. Mariusz Pleszczyński",
    title     = "ZADANIE 5 – PASJANS (zadanie finałowe edycji 2014/15)",
    howpublished= "https://algorytmion.ms.polsl.pl/storage/files/Zadania2016.pdf"
}